% Encoding: UTF-8
@Misc{Eliahou2015,
  author       = {Shalom Eliahou},
  title        = {Wilf's conjecture and {M}acaulay's theorem},
  howpublished = {Preprint},
  year         = {2015},
  note         = {To appear in JEMS},
  url          = {https://arxiv.org/abs/1703.01761},
}

@Misc{Delgado2019ae-Conjecture,
  author        = {Manuel Delgado},
  title         = {Conjecture of Wilf: a survey},
  year          = {2020},
  note          = {18 pages, To appear in the proceedings of the ``INdAM meeting: International meeting on numerical semigroups -- Cortona 2018'', Springer INdAM Series},
  archiveprefix = {arXiv},
  eprint        = {1902.03461},
  file          = {:numericals/preprints/Delgado2019ae-Conjecture.pdf:PDF},
  primaryclass  = {math.CO},
}

@Article{Spirito2017ae-Wilfs,
  author        = {{Spirito}, Dario},
  title         = {{Wilf's conjecture for numerical semigroups with large second generator}},
  journal       = {arXiv e-prints},
  year          = {2017},
  pages         = {arXiv:1710.09245},
  month         = Oct,
  adsnote       = {Provided by the SAO/NASA Astrophysics Data System},
  adsurl        = {https://ui.adsabs.harvard.edu/\#abs/2017arXiv171009245S},
  archiveprefix = {arXiv},
  eid           = {arXiv:1710.09245},
  eprint        = {1710.09245},
  file          = {:numericals/preprints/Spirito2017ae-Wilfs.pdf:PDF},
  keywords      = {Mathematics - Combinatorics, 05A20, 11B13, 11D07, 20M14},
  primaryclass  = {math.CO},
}

@Misc{BrunsGarcia-SanchezONeill2019,
  author = {Bruns, Winfried and García-Sánchez, Pedro A. and O'Neill, Christopher},
  year   = {2019},
  note   = {Personal communication by Pedro A. García-Sánchez},
}

@Misc{EliahouMarin-Aragon2019,
  author = {Eliahou, Shalom and Marín-Aragón, Daniel},
  year   = {2019},
  note   = {Personal communication by Shalom Eliahou},
}

@Article{ChapmanGarciaONeill2019ae-Coins,
  author        = {{Chapman}, Scott and {Garcia}, Rebecca and {O'Neill}, Christopher},
  title         = {{Beyond Coins, Stamps, and Chicken McNuggets: an Invitation to Numerical Semigroups}},
  journal       = {arXiv e-prints},
  year          = {2019},
  pages         = {arXiv:1902.05848},
  month         = {Feb},
  adsnote       = {Provided by the SAO/NASA Astrophysics Data System},
  adsurl        = {https://ui.adsabs.harvard.edu/\#abs/2019arXiv190205848C},
  archiveprefix = {arXiv},
  eid           = {arXiv:1902.05848},
  eprint        = {1902.05848},
  file          = {:numericals/preprints/ChapmanGarciaONeill2019ae-Coins.pdf:PDF},
  keywords      = {Mathematics - Commutative Algebra, Mathematics - Combinatorics},
  primaryclass  = {math.AC},
}

@Article{EliahouFromentin2019ae-Gapsets,
  author        = {{Eliahou}, Shalom and {Fromentin}, Jean},
  title         = {{Gapsets of small multiplicity}},
  journal       = {arXiv e-prints},
  year          = {2019},
  pages         = {arXiv:1903.03463},
  month         = {Mar},
  adsnote       = {Provided by the SAO/NASA Astrophysics Data System},
  adsurl        = {https://ui.adsabs.harvard.edu/\#abs/2019arXiv190303463E},
  archiveprefix = {arXiv},
  eid           = {arXiv:1903.03463},
  eprint        = {1903.03463},
  file          = {:numericals/preprints/EliahouFromentin2019ae-Gapsets.pdf:PDF},
  keywords      = {Mathematics - Group Theory},
  primaryclass  = {math.GR},
}

@Article{BrunsGarcia-SanchezONeilWilburne2019ae-Wilfs,
  author        = {{Bruns}, Winfried and {Garcia-Sanchez}, Pedro and {O'Neil}, Christopher and {Wilburne}, Dane},
  title         = {{Wilf's conjecture in fixed multiplicity}},
  journal       = {arXiv e-prints},
  year          = {2019},
  pages         = {arXiv:1903.04342},
  month         = {Mar},
  adsnote       = {Provided by the SAO/NASA Astrophysics Data System},
  adsurl        = {https://ui.adsabs.harvard.edu/\#abs/2019arXiv190304342E},
  archiveprefix = {arXiv},
  eid           = {arXiv:1903.04342},
  eprint        = {1903.04342},
  file          = {:numericals/preprints/BrunsGarcia-SanchezONeilWilburne2019ae-Wilfs.pdf:PDF},
  keywords      = {Mathematics - Combinatorics},
  primaryclass  = {math.CO},
}

@Misc{DelgadoFromentin2019,
  author = {Delgado, Manuel and Fromentin, Jean},
  year   = {2019},
  note   = {In preparation},
}

@Misc{Delgado2019-Probing,
  author = {Delgado, Manuel},
  title  = {Probing Wilf's conjecture and related problems through efficient tree trimming},
  year   = {2019},
  note   = {In preparation},
}

@Misc{Delgado2019ae-Trimming,
  author        = {Manuel Delgado},
  title         = {Trimming the numerical semigroups tree to probe Wilf's conjecture to higher genus},
  year          = {2019},
  note          = {40 pages},
  archiveprefix = {arXiv},
  eprint        = {1910.12377},
  journal       = {arXiv e-prints},
  primaryclass  = {math.CO},
  url           = {https://arxiv.org/abs/1910.12377},
}

@Article{Eliahou2019ae-graph,
  author        = {{Eliahou}, Shalom},
  title         = {{A graph-theoretic approach to Wilf's conjecture}},
  journal       = {arXiv e-prints},
  year          = {2019},
  pages         = {arXiv:1909.03699},
  month         = {Sep},
  adsnote       = {Provided by the SAO/NASA Astrophysics Data System},
  adsurl        = {https://ui.adsabs.harvard.edu/abs/2019arXiv190903699E},
  archiveprefix = {arXiv},
  eid           = {arXiv:1909.03699},
  eprint        = {1909.03699},
  file          = {:numericals/preprints/Eliahou2019ae-graph.pdf:PDF},
  keywords      = {Mathematics - Combinatorics},
  primaryclass  = {math.CO},
}

@Misc{EliahouFromentin2019,
  author = {Eliahou, Shalom and Fromentin, Jean},
  year   = {2019},
  note   = {Personal communication},
}

@Misc{CistoDelgadoGarcia-Sanchez2019,
  author        = {Carmelo Cisto and Manuel Delgado and Pedro A. García-Sánchez},
  title         = {Algorithms for Generalized Numerical Semigroups},
  year          = {2019},
  note          = {15 pages},
  archiveprefix = {arXiv},
  eprint        = {1907.02461},
  primaryclass  = {math.CO},
}

@Misc{Bras-AmorosFernandez-Gonzalez2019,
  author        = {Maria Bras-Amorós and Julio Fernández-González},
  title         = {The right-generators descendant of a numerical semigroup},
  year          = {2019},
  note          = {To appear in Math. Comp.},
  archiveprefix = {arXiv},
  eprint        = {1911.03173},
  file          = {:numericals/preprints/Bras-AmorosFernandez-Gonzalez2019.pdf:PDF},
  primaryclass  = {math.CO},
}

@Misc{KaplanONeill2019,
  author        = {Nathan Kaplan and Christopher O'Neill},
  title         = {Numerical semigroups, polyhedra, and posets I: the group cone},
  year          = {2019},
  archiveprefix = {arXiv},
  eprint        = {1912.03741},
  file          = {:numericals/preprints/KaplanONeil2019.pdf:PDF},
  primaryclass  = {math.CO},
}

@Misc{AutryEzellGomesONeillPreussSalujaDavila2019,
  author        = {Jackson Autry and Abigail Ezell and Tara Gomes and Christopher O'Neill and Christopher Preuss and Tarang Saluja and Eduardo Torres Davila},
  title         = {Numerical semigroups, polyhedra, and posets II: locating certain families of semigroups},
  year          = {2019},
  archiveprefix = {arXiv},
  eprint        = {1912.04460},
  file          = {:numericals/preprints/AutryEzellGomesONeillPreussSalujaDavila2019.pdf:PDF},
  primaryclass  = {math.CO},
}

@Book{DelgadoMachiavelo2020Book-Teoria,
  title     = {Teoria dos Números (uma introdução com aplicações)},
  publisher = {Editora da UP},
  author    = {Manuel Delgado and António Machiavelo},
  note      = {Aceite para publicação em 4/6/2018},
}

@Misc{Fromentin2019-hdr,
  author = {Jean Fromentin},
  title  = {Combinatoire algébrique expérimentale},
  month  = dec,
  year   = {2019},
  note   = {Habilitation à Diriger des Recherches},
  file   = {:numericals/preprints/Fromentin2019-hdr.pdf:PDF},
  url    = {http://www.lmpa.univ-littoral.fr/~fromentin/papers/hdr_fromentin.pdf},
}

@Comment{jabref-meta: databaseType:bibtex;}
