@InProceedings{Bras-Amoros2018inproc-Different,
  author    = {Maria Bras{-}Amor{\'{o}}s},
  title     = {Different tree approaches to the problem of counting numerical semigroups by genus},
  booktitle = {Proceedings of the 11th International Conference on Random and Exhaustive Generation of Combinatorial Structures, GASCom 2018, Athens, Greece, June 18-20, 2018.},
  year      = {2018},
  pages     = {7--11},
  bibsource = {dblp computer science bibliography, https://dblp.org},
  biburl    = {https://dblp.org/rec/bib/conf/gascom/Bras-Amoros18},
  crossref  = {DBLP:conf/gascom/2018},
  file      = {:numericals/Bras-Amoros2018inproc-Different.pdf:PDF},
  timestamp = {Sun, 22 Jul 2018 18:56:12 +0200},
  url       = {http://ceur-ws.org/Vol-2113/invited2.pdf},
}
