% Encoding: UTF-8

@Misc{Eliahou2017-Umea,
  author       = {Shalom Eliahou},
  title        = {A graph-theoretic approach to Wilf’s conjecture},
  howpublished = {Slides presented at the Meeting of the Catalan, Spanish, Swedish Math Societies},
  month        = {6},
  year         = {2017},
  file         = {:numericals/slides/Eliahou2017-Umea.pdf:PDF},
  url          = {http://www.ugr.es/~semigrupos/Umea-2017/},
}

@Misc{Eliahou2016-imns,
  author       = {Shalom Eliahou},
  title        = {Some new results on Wilf’s conjecture},
  howpublished = {Slides presented at the International meeting on numerical semigroups with applications},
  month        = {7},
  year         = {2016},
  note         = {Levico Terme},
  file         = {:numericals/slides/Eliahou2016-imns.pdf:PDF},
  url          = {http://www.ugr.es/~imns2010/2016/index.html},
}

@Misc{Eliahou2015-AMS-EMS-SPM,
  author       = {Shalom Eliahou},
  title        = {Some progress towards Wilf’s conjecture},
  howpublished = {Slides of the talk presented in the special sessin "commutative monoids" of the AMS-EMS-SPM International Meeting},
  month        = {6},
  year         = {2015},
  comment      = {Session 13},
  file         = {:numericals/slides/Eliahou2015-AMS-EMS-SPM.pdf:PDF},
  url          = {http://aep-math2015.spm.pt/},
}

@Misc{Sammartano2012-imns,
  author       = {Alessio Sammartano},
  title        = {Wilf's conjecture for numerical semigroups},
  howpublished = {Slides presented at the International meeting on numerical semigroups with applications, Vila Real 2012},
  month        = {7},
  year         = {2012},
  note         = {Vila Real},
  file         = {:numericals/slides/Sammartano2012-imns.pdf:PDF},
  url          = {http://imns2012.utad.pt/slides/Quarta/Manh%C3%A3/5_Alessio%20Sammartano.pdf},
}

@Misc{Eliahou2018-imns,
  author       = {Shalom Eliahou},
  title        = {Gapsets and numerical semigroups},
  howpublished = {Slides presented at the International meeting on numerical semigroups with applications},
  month        = {9},
  year         = {2018},
  note         = {Cortona},
  file         = {:numericals/slides/Eliahou2018-imns.pdf:PDF},
  url          = {http://www.ugr.es/~imns2010/2018/index.html},
}

@Misc{Fernandez-Gonzalez2018,
  author       = {Julio Fernández-González},
  title        = {Right-generators descendants of numerical semigroups},
  howpublished = {Slides presented at the International meeting on numerical semigroups with applications},
  month        = {9},
  year         = {2018},
  note         = {Cortona},
  file         = {:numericals/slides/JFernandezGonzalez2018-imns.pdf:PDF},
  url          = {http://www.ugr.es/~imns2010/2018/index.html},
}

@Misc{Bras-Amoros2017,
  author       = {Maria Bras-Amorós},
  title        = {Classification, Characterization and Counting of Semigroups},
  howpublished = {Slides presented at the CIMPA Research School Algebraic Methods in Coding Theory},
  month        = {7},
  year         = {2017},
  note         = {Ubatuba, Brasil},
  file         = {:numericals/slides/Bras-Amoros2017-CIMPA.pdf:PDF},
  url          = {https://www.ime.usp.br/~cimpars/notes/sc3_02.pdf},
}

@Misc{OnetoTamone2016,
  author       = {Anna Oneto and Grazia Tamone},
  title        = {Numerical semigroups and applications},
  howpublished = {Slides presented at the CoCoA International School on Computer Algebra - 2016},
  month        = {2},
  year         = {2016},
  note         = {Genova},
  file         = {:numericals/slides/OnetoTamone2016-CoCoA.pdf:PDF},
  url          = {events.iitgn.ac.in/2016/COCOA-2016/pdf/Oneto-Tamone-Cocoa.pdf},
}

@Misc{Sammartano-poster,
  author       = {Alessio Sammartano},
  title        = {A conjecture by {W}ilf about the {F}robenius number},
  howpublished = {Poster - Purdue University},
  year         = {-poster},
  note         = {A poster based on the work with Moscarielo},
  file         = {:numericals/slides/Sammartano -poster.pdf:PDF},
  url          = {http://imns2012.utad.pt/slides/Quarta/Manh%C3%A3/5_Alessio%20Sammartano.pdf},
}

@Misc{Sammartano2014-AMS,
  author       = {Alessio Sammartano},
  title        = {A conjecture by {W}ilf on the {F}robenius number},
  howpublished = {Slides presented at the AMS Fall Eastern Sectional Meeting},
  month        = {10},
  year         = {2014},
  note         = {based on the work with Moscarielo},
  file         = {:numericals/slides/Sammartano2014-AMS.pdf:PDF},
  url          = {https://www.usna.edu/Users/math/traves/halifax/Sammartano.pdf

},
}

@Misc{Bruns2019,
  author       = {Winfried Bruns},
  title        = {Wilf’s conjecture by multiplicity},
  howpublished = {Slides presented at the Conference in memoriam Ragnar-Olaf Buchweitz},
  month        = {3},
  year         = {2019},
  note         = {Münster},
  file         = {:numericals/slides/Bruns2019.pdf:PDF},
  url          = {https://www.uni-muenster.de/imperia/md/content/theoretische_mathematik/wilfmultiplicityms_1.pdf},
}

@Misc{Matheus2019,
  author       = {Bernardini Matheus},
  title        = {Numerical Semigroups:arithmetic aspects},
  howpublished = {Slides presented at the I Workshop em Corpos Finitos e Aplicações},
  month        = {9},
  year         = {2019},
  note         = {Münster},
  file         = {:numericals/slides/Bernardini-2019-WCFA.pdf:PDF},
  url          = {http://fga.unb.br/articles/0002/3592/Bernardini_-_I_WCFA.pdf},
}

@Misc{Eliahou2020-CANT,
  author       = {Shalom Eliahou},
  title        = {Some recent results on Wilf’s conjecture},
  howpublished = {Slides presented at the CANT 2020 Zoom Meeting},
  month        = {6},
  year         = {2020},
  note         = {https://youtu.be/MBJmPrKfLlM},
  file         = {:numericals/slides/Eliahou2020-CANT.pdf:PDF},
  url          = {http://www.theoryofnumbers.com/cant/},
}

@Misc{Bras-Amoros2022-IMNS,
  author       = {Maria Bras-Amorós},
  title        = {On the seeds and the great-grandchildren of a numerical semigroup},
  howpublished = {Slides presented at the IMNS-Rome2022},
  month        = {5},
  year         = {2022},
  note         = {Rome, Italy},
  file         = {:numericals/slides/Bras-Amoros2022-IMNS.pdf:PDF},
  url          = {https://www.ugr.es/~imns2010/2022/Slides/slides-IMNS-Rome-bras-amoros.pdf},
}

@Misc{Kaplan2022-IMNS,
  author       = {Nathan Kaplan},
  title        = {Numerical Semigroups Ordered by Genus},
  howpublished = {Slides presented at the IMNS-Rome2022},
  month        = {5},
  year         = {2022},
  note         = {Rome, Italy},
  file         = {:numericals/slides/Kaplan2022-IMNS.pdf:PDF},
  url          = {https://www.ugr.es/~imns2010/2022/Slides/slides-IMNS-Rome-kaplan.pdf},
}

@Misc{Alfonsin2022-IMNS,
  author       = {J.L. Ramı́rez Alfonsı́n},
  title        = {On perfect squares and primes in numerical semigroups},
  howpublished = {Slides presented at the IMNS-Rome2022},
  month        = {5},
  year         = {2022},
  note         = {Rome, Italy},
  file         = {:numericals/slides/Alfonsin2022-IMNS.pdf:PDF},
  url          = {https://www.ugr.es/~imns2010/2022/Slides/slides-IMNS-Rome-kaplan.pdf},
}

@Misc{Kumar2024IMNS,
  author       = {Delgado, Manuel and Kumar, Neeraj and Marion, Claude},
  title        = {Counting numerical semigroups by their maximum primitive and the asymptotic Wilf's conjecture},
  howpublished = {Abstract of communication at IMNS-Jerez2024},
  month        = {7},
  year         = {2024},
  note         = {Jerez, Spain},
  file         = {:numericals/slides/Kumar2024IMNS.pdf:PDF},
  url          = {https://imns2024.uca.es/wp-content/uploads/2024/06/abstract_Neeraj.pdf},
}

@Misc{ONeill2025pp-Classifying,
  author       = {Christopher O'Neill},
  title        = {Classifying numerical semigroups using polyhedral geometry},
  howpublished = {Slides presented at the IMNS-Rome2022},
  month        = {5},
  year         = {2025},
  note         = {University of Missouri},
  file         = {:numericals/slides/ONeil-classifyingUsingPolyhedra-2025.pdf:PDF},
  url          = {https://cdoneill.sdsu.edu/slides/20250501-mu.pdf},
}

@Comment{jabref-meta: databaseType:bibtex;}
