% Encoding: UTF-8

@Manual{IntPic-2013,
  title  = {IntPic -- a GAP package for drawing integers},
  author = {Delgado, Manuel},
  month  = {July},
  year   = {2013},
  note   = {Version 0.1.0},
  url    = {http://www.gap-system.org/Packages/intpic.html},
}

@Manual{Numericalsgps-2015,
  Title                    = {Numericalsgps -- a {GAP} package on numerical semigroups},
  Author                   = {Delgado, M. and García-Sánchez, P.A. and Morais, J.},
  Month                    = {June},
  Note                     = {Version number 1.0.1},
  Year                     = {2015},

  Url                      = {http://www.gap-system.org/Packages/numericalsgps.html}
}
@Manual{GAP-2016,
  Title                    = {{GAP -- Groups, Algorithms, and Programming,
 Version 4.8.6}},
  Organization             = {The GAP~Group},
  Year                     = {2016},

  Key                      = {GAP},
  Url                      = {http://www.gap-system.org},
  Urldate                  = {2017-01}
}

@Manual{Numericalsgps-2017,
  title  = {Numericalsgps -- a {GAP} package on numerical semigroups},
  author = {Delgado, M. and García-Sánchez, P.A. and Morais, J.},
  month  = {September},
  year   = {2017},
  note   = {Version number 1.1.5},
  url    = {http://www.gap-system.org/Packages/numericalsgps.html},
}

@Manual{GAP4-2017,
  title        = {{GAP -- Groups, Algorithms, and Programming, Version 4.8.9}},
  organization = {The GAP~Group},
  year         = {2017},
  key          = {GAP},
  url          = {https://www.gap-system.org},
}

@Manual{IntPic-2017,
  title  = {IntPic -- a GAP package for drawing integers},
  author = {Delgado, Manuel},
  month  = {9},
  year   = {2017},
  note   = {Version 0.2.3},
  url    = {http://www.gap-system.org/Packages/intpic.html},
}

@Manual{Numericalsgps-2018,
  title  = {Numericalsgps -- a {GAP} package on numerical semigroups},
  author = {Delgado, M. and García-Sánchez, P.A. and Morais, J.},
  month  = {3},
  year   = {2018},
  note   = {Version number 1.1.7},
  url    = {http://www.gap-system.org/Packages/numericalsgps.html},
}

@Manual{GAP4-2018,
  title        = {{GAP -- Groups, Algorithms, and Programming, Version 4.9.1}},
  organization = {The GAP~Group},
  month        = {5},
  year         = {2018},
  key          = {GAP},
  url          = {https://www.gap-system.org},
}

@Comment{jabref-meta: databaseType:bibtex;}
