% Encoding: UTF-8

@MastersThesis{Diaz-Ramirez2018master-Semigrupos,
  author = {Díaz-Ramírez, Juan de Dios},
  title  = {Semigrupos numéricos y afines},
  school = {Universidad de Cádiz},
  year   = {2018},
  file   = {:thesis/Master/Diaz-Ramirez2018master-Semigrupos.pdf:PDF},
  url    = {https://rodin.uca.es/xmlui/handle/10498/21457},
}

@MastersThesis{UsoiCubertorer2023MThesis-Kunz,
  author = {Usó i Cubertorer, Jaume},
  title  = {Kunz languages},
  school = {Faculty of Sciences, University of Porto},
  year   = {2023},
  month  = jul,
  file   = {:thesis/Master/tese_jaume.pdf:PDF},
  url    = {https://hdl.handle.net/10216/152274},
}

@MastersThesis{CastroCarlos2025master-Semigrupos,
  author = {Machado de Castro, José Carlos},
  title  = {Semigrupos Numéricos: uma abordagem à conjetura de Wilf usando grafos},
  school = {Faculty of Sciences, University of Porto},
  year   = {2025},
  month  = jul,
  file   = {:thesis/Master/tese_JoseCastro.pdf:PDF},
  url    = {https://hdl.handle.net/10216/168372},
}

@PhdThesis{Kumar2025phd-Numerical,
  author = {Kumar, Neeraj},
  title  = {Numerical semigroups: a conjecture of Wilf and related topics},
  school = {Faculty of Sciences, University of Porto},
  year   = {2025},
  month  = Jul,
  file   = {:thesis/PhD/NeerajKumar.pdf:PDF},
  url    = {https://hdl.handle.net/10216/168862},
}

@Comment{jabref-meta: databaseType:bibtex;}
